00100000         2089823758001890029335520126     TS028873000000022674X BLABLABLA LTDA                BANCO DO BRASIL S.A.                    10104199023595900000008300000                                                                     
00100001R3003043 2089823758001890029335520126     TS028873000000022674X BLABLABLA LTDA                                                                                      00000                                   00000000                    
0010000300001A0307000010777170000000077666                               2389                01041990BRL000000000000000000000000010000                    000000000000000000000000000000000000000000000000000000000000000                    
0010000300002B   100085452431039                              00000                                                  00000000  00000000000000000010000000000000000000000000000000000000000000000000000000000000000               0000000        
0010000300003A0307000010777170000000077666                               2389                01041990BRL000000000000000000000000005000                    000000000000000000000000000000000000000000000000000000000000000                    
0010000300004B   100085452431039                              00000                                                  00000000  00000000000000000005000000000000000000000000000000000000000000000000000000000000000               0000000        
00100015         000006000000000000015000000000000000000000000000                                                                                                                                                                               
00199999         000001000008                                                                                                                                                                                                                   

